
@inproceedings{fairhurst_decay_2022,
	title = {Decay heat calculations using {MCNP} and {ORIGEN}},
	author = {Fairhurst-Agosta, Roberto and Kozlowski, Tomasz},
	booktitle = {presented at {American} {Nuclear} {Society} {Student} {Conference} 2022},
	address = {Urbana-Champaign, IL},
	day = {14-16},
	month = apr,
	year = {2022},
}

@inproceedings{fairhurst_machine_2022,
	title = {Machine {Learning} {Classification} for {Safety} {Analysis} of {Nuclear} {Research} {Reactor} {Experiments}},
	author = {Fairhurst-Agosta, Roberto and Kozlowski, Tomasz},
	booktitle = {presented at {American} {Nuclear} {Society} {Student} {Conference} 2022},
	address = {Urbana-Champaign, IL},
	day = {14-16},
	month = apr,
	year = {2022},
}

@article{fairhurst_machine_2_2022,
	title = {Analysis of {Nuclear} {Research} {Reactor} {Experiments} using {Machine} {Learning}},
	author = {Fairhurst-Agosta, Roberto and Kozlowski, T.},
	journal = {Transactions of the {American} {Nuclear} {Society}},
	volume = {126},
	number = {1},
	pages = {352-355},
	address = {Anaheim, CA},
	day = {12-16},
	month = jul,
	year = {2022},
	publisher = {American {Nuclear} {Society}},
	doi = {doi.org/10.13182/T126-38108},
}

@inproceedings{peterson-droogh_current_2018,
	title = {Current {Neutronic} {Calculation} {Techniques} for {Modeling} the {Production} of {Ir}-192 in {HFIR}},
	author = {Peterson-Droogh, Joshua L. and Howard, Richard H.},
	booktitle = {Proc. {Int.} {Conference} on {Physics} of {Reactors} 2018 ({PHYSOR} 2018)},
	address = {Cancun, Mexico},
	day = {22-26},
	month = apr,
	year = {2018},
}

@article{kazeminejad_thermal_2008,
	title = {Thermal-hydraulic modeling of flow inversion in a research reactor},
	author = {H. Kazeminejad},
	journal = {Annals of Nuclear Energy},
	volume = {35},
	number = {10},
	pages = {1813-1819},
	year = {2008},
	publisher = {Elsevier},
	doi = {doi.org/10.1016/j.anucene.2008.05.006},
}

@article{hainoun_international_2014,
	title = {International benchmark study of advanced thermal hydraulic safety analysis codes against measurements on {IEA}-{R1} research reactor},
	author = {A. Hainoun and others},
	journal = {Nuclear Engineering and Design},
	volume = {280},
	pages = {233-250},
	year = {2014},
	publisher = {Elsevier},
	doi = {doi.org/10.1016/j.nucengdes.2014.06.041},
}

@article{abdelmaksoud_analysis_2022,
    title = {Analysis of a {Hypothetical} {Complete} {Loss}-of-{Coolant} {Accident} in a {Typical} {Research} {Reactor}},
    author = {Abdelfatah Abdelmaksoud and others},
    journal = {Nuclear Technology},
	volume = {208},
	number = {9},
	pages = {1471-1483},
    year  = {2022},
    publisher = {Taylor & Francis},
    doi = {doi.org/10.1080/00295450.2022.2035644},
}

@techreport{ans_decay_1994,
	title = {Decay {Heat} {Power} in {Light} {Water} {Reactors} - an {American} {National} {Standard}},
	number = {ANSI/ANS-5.1-1994},
	institution = {American Nuclear Society},
	year = {1994},
}

@article{leppanen_serpent_2015,
	title = {The {Serpent} {Monte} {Carlo} code: {Status}, development and applications in 2013},
	author = {Jaakko Lepp√§nen and others},
	journal = {Annals of Nuclear Energy},
	volume = {82},
	pages = {142-150},
	year = {2015},
	publisher = {Elsevier},
	doi = {doi.org/10.1016/j.anucene.2014.08.024},
}

@misc{giot_decay_2018,
	title = {Decay {Heat} calculations with {SERPENT} 2},
	author = {Giot, Lydie},
	type = {Presentation},
	address = {Espoo, Finland},
	year = {2018},
	url = {http://montecarlo.vtt.fi/mtg/2018_Espoo/Giot1.pdf},
}

@techreport{scale,
	title = {{SCALE} {Code} {System}, {ORNL}/{TM}-2005/39, {Version} 6.2.3},
	number = {ORNL/TM-2005/39},
	institution = {Oak Ridge National Laboratory},
	editor = {Rearden, B.T. and Jessee, M.A.},
	year = {2018},
	address = {Oak Ridge, TN},
	doi = {doi.org/10.2172/1426571},
}

@article{lee_decay_2010,
	title = {Decay heat analysis of {VHTR} cores by {Monte} {Carlo} core depletion calculation},
	author = {Hyun Chul Lee and others},
	journal = {Annals of Nuclear Energy},
	volume = {37},
	number = {10},
	pages = {1356-1368},
	year = {2010},
	publisher = {Elsevier},
	doi = {doi.org/10.1016/j.anucene.2010.05.011},
}

@techreport{ilas_modeling_2015,
	title = {Modeling and {Simulations} for the {High} {Flux} {Isotope} {Reactor} {Cycle} 400},
	author = {Ilas, Germina and others},
	number = {ORNL/TM-2015/36},
	institution = {Oak Ridge National Laboratory},
	month = {3},
	year = {2015},
	address = {Oak Ridge, TN},
	doi = {doi.org/10.2172/1185903},
}

@inproceedings{hawkes_sensitivity_2015,
    title = {Sensitivity {Evaluation} of the {Daily} {Thermal} {Predictions} of the {AGR}-2 {Experiment} in the {Advanced} {Test} {Reactor}},
    author = {Hawkes, Grant L. and Sterbentz, James W. and Pham, Binh T.},
	booktitle = {Proc. of the {ASME} 2015 {Nuclear} {Forum}},
    series = {International Conference on Nuclear Engineering},
    pages = {V001T04A002},
	address = {San Diego, CA},
    month = {6},
    year = {2015},
    doi = {doi.org/10.1115/NUCLRF2015-49698},
}

@inproceedings{fairhurst_moaa_2022,
	title = {Development of the {MCNP}-{ORIGEN} {Activation} {Automation} tool},
	author = {Fairhurst-Agosta, Roberto and Carter, A. L. and Peterson-Droogh, J. L.},
	booktitle = {Proc. {Int.} {Conference} on {Physics} of {Reactors} 2022 ({PHYSOR} 2022)},
	pages = {1923-1932},
	address = {Pittsburgh, PA},
	day = {15-20},
	month = may,
	year = {2022},
	doi = {doi.org/10.13182/PHYSOR22-37565}
}

@inproceedings{fairhurst_demonstration_2022,
	title = {Demonstration of {Decay} {Heat} {Calculations} using the {MCNP}-{ORIGEN} {Activation} {Automation} {Tool}},
	author = {Fairhurst-Agosta, Roberto and Kozlowski, Tomasz},
	booktitle = {presented at Int. {Conference} on {Engineering} {Computational} {Technology}},
	address = {Montpellier, France},
	day = {23-25},
	month = aug,
	year = {2022},
}

@article{fairhurst_database_2022,
	title = {Database {Construction} for {Nuclear} {Heating} {Calculations}},
	author = {Fairhurst-Agosta, Roberto and Kozlowski, Tomasz},
	journal = {Transactions of the {American} {Nuclear} {Society}},
	volume = {127},
	number = {1},
	pages = {352-355},
	address = {Phoenix, AZ},
	day = {13-17},
	month = nov,
	year = {2022},
	publisher = {American {Nuclear} {Society}},
	doi = {doi.org/10.13182/T127-39622},
}

@techreport{mcnp,
	title = {{MCNP} {Users} {Manual} - {Code} {Version} 6.2},
    author = {Werner, Christopher John and others},
	number = {LA-UR-17-29981},
	institution = {Los Alamos National Laboratory},
	editor = {Werner, C.J.},
	year = {2017},
	address = {Los Alamos, NM},
}

@article{lemaire_estimation_2015,
	title = {For a better estimation of gamma heating in nuclear material-testing reactors and associated devices: status and work plan from calculation methods to nuclear data},
	author = {Matthieu Lemaire and others},
	journal = {Journal of Nuclear Science and Technology},
	volume = {52},
	number = {9},
	pages = {1093-1101},
	year  = {2015},
	publisher = {Taylor & Francis},
	doi = {doi.org/10.1080/00223131.2015.1009957},
}

@article{chen_rigorous_2002,
	title = {Rigorous {MCNP} based shutdown dose rate calculations: computational scheme, verification calculations and application to {ITER}},
	author = {Chen, Y and Fischer, U},
	journal = {Fusion Engineering and Design},
	volume = {63-64},
	pages = {107-114},
	month = dec,
	year = {2002},
	doi = {doi.org/10.1016/S0920-3796(02)00144-8},
}

@inproceedings{ambrosek_improved_1995,
	title = {Improved methodology for temperature predictions in advanced reactors},
	author = {Ambrosek, R G and Chang, G S},
	booktitle = {presented at 1995 National Heat Transfer Conference},
	address = {Portland, OR},
	day = {5-9},
	month = {8},
	year = {1995},
	url = {https://www.osti.gov/biblio/116642},
}

@article{lee_tripoli_2013,
	title = {Tripoli-4 {Gamma}-{Ray} {Dose} {Calculation} for {Spent} {PWR} {Fuels}},
	author = {Lee, Yi-Kang and Sharma, Kabir},
	journal = {Proc. Int. Conference on Nuclear Engineering (ICONE)},
	address = {Chengdu, China},
	volume = {1},
	pages = {V001T04A014},
	month = {7},
	year = {2013},
	doi = {doi.org/10.1115/ICONE21-15498}
}

@phdthesis{mozin_delayed_2011,
	title = {Delayed {Gamma}-{Ray} {Assay} for {Nuclear} {Safeguards}},
	author = {Mozin, Vladimir},
	type = {{PhD} {Dissertation}},
	school = {University of California},
	address = {Berkeley, CA},
	year = {2011},
	url = {https://escholarship.org/content/qt5mm1v58k/qt5mm1v58k_noSplash_ca99c596dd23532d4de40c098aa706cd.pdf},
}

@article{mcnp-cinder,
	title = {The {Enhancements} and {Testing} for the {MCNPX} 2.6.0 {Depletion} {Capability}},
	author = {Fensin, Michael L. and Hendricks, John S. and Anghaie, Samim},
	journal = {Nuclear Technology},
	volume = {170},
	number = {1},
	pages = {68-79},
	year = {2010},
    publisher = {Taylor & Francis},
	doi = {doi.org/10.13182/NT10-2},
}

@article{tripoli4,
	title = {TRIPOLI-4, {CEA}, {EDF} and {AREVA} reference {Monte} {Carlo} code},
	author = {E. Brun and others},
	journal = {Annals of Nuclear Energy},
	volume = {82},
	pages = {151-160},
	year = {2015},
	doi = {doi.org/10.1016/j.anucene.2014.07.053},
}

@article{pepin2,
	title = {DARWIN: {An} {Evolution} {Code} {System} for a {Large} {Range} of {Applications}},
	author = {A. Tsilanizara and others},
	journal = {Journal of Nuclear Science and Technology},
	volume = {37},
	number = {sup1},
	pages = {845-849},
	year  = {2000},
	publisher = {Taylor & Francis},
	doi = {doi.org/10.1080/00223131.2000.10875009},
}

@article{noh_estimation_2018,
	title = {Estimation of nuclear heating by delayed gamma rays from radioactive structural materials of {HANARO}},
	doi = {doi.org/10.1016/j.net.2018.01.010},
	author = {Noh, Tae-Yang and Park, Byung-Gun and Kim, Myong-Seop},
	journal = {Nuclear Engineering and Technology},
	volume = {50},
	number = {3},
	pages = {446-452},
	month = apr,
	year = {2018},
}

@techreport{forrest_fispact_1998,
	title = {{FISPACT}-99 {User} manual},
	author = {Forrest, R. and Sublet, J.},
	number = {{UKAEA}-FUS-407},
	institution = {United Kingdom Atomic Energy Authority},
	pages = {201},
	year = {1998},
	address = {Culham, United Kingdom},
	url = {http://inis.iaea.org/search/search.aspx?orig_q=RN:31048113}
}

@article{serikov_advanced_2002,
	title = {The advanced {3D} method for activation analysis of fusion reactor materials},
	author = {Sheludjakov, S and Serikov, Arkady},
	journal = {Fusion Engineering and Design},
	volume = {63-64},
	pages = {487-492},
	month = {12},
	year = {2002},
	doi = {doi.org/10.1016/S0920-3796(02)00183-7}
}

@article{sauvan_development_2016,
	title={Development of the {R2SUNED} {Code} {System} for {Shutdown} {Dose} {Rate} {Calculations}},
	author={Sauvan, P. and others},
	journal={IEEE Transactions on Nuclear Science},
	volume={63},
	number={1},
	pages={375-384},
	year={2016},
	doi={doi.org/10.1109/TNS.2015.2507138}
}

@article{valenza_proposal_2001,
	title = {Proposal of shutdown dose estimation method by {Monte} {Carlo} code},
	author = {Davide Valenza and others},
	journal = {Fusion Engineering and Design},
	volume = {55},
	number = {4},
	pages = {411-418},
	year = {2001},
	doi = {doi.org/10.1016/S0920-3796(01)00188-0},
}

@inproceedings{petrizzi_improvement_2001,
	title = {Improvement and {Benchmarking} of the {New} {Shutdown} {Dose} {Estimation} {Method} by {Monte} {Carlo} {Code}},
	author = {Petrizzi, L. and others},
	booktitle = {Advanced {Monte} {Carlo} for {Radiation} {Physics}, {Particle} {Transport} {Simulation} and {Applications}},
	pages = {865--870},
	publisher = {Springer},
	address = {Berlin, Heidelberg},
	year = {2001},
	doi = {doi.org/10.1007/978-3-642-18211-2\_138},
}

@article{palermo_shutdown_2017,
	title = {Shutdown dose rate assessment with the Advanced {D1S} method for the European {DCLL} {DEMO}},
	author = {Iole Palermo and Rosaria Villari and Angel Ibarra},
	journal = {Fusion Engineering and Design},
	volume = {122},
	pages = {163-175},
	year = {2017},
	doi = {doi.org/10.1016/j.fusengdes.2017.08.021},
}

@techreport{lee_analysis_2008,
	title = {Analysis on the {Detailed} {Heat} {Generation} {Rate} for the {HANARO}},
	author = {Lee, B.C},
	number = {{KAERI}/TR-3643/2008},
	institution = {Korea Atomic Energy Research Institute},
	year = {2008},
	address = {Daejeon, South Korea}
}

@misc{brown_monte_2008,
	title = {Monte {Carlo} - {Advances} and {Challenges}},
	author = {Brown, F. B. and Martin, W. R. and Mosteller, R. D.},
	address = {Interlaken, Switzerland},
	month = sep,
	year = {2008},
	url = {https://mcnp.lanl.gov/pdf_files/TechReport_2008_LANL_LA-UR-08-05891_BrownMostellerEtAl.pdf},
}

@techreport{ilas_impact_2013,
	title = {Impact of {HFIR} {LEU} Conversion on Beryllium Reflector Degradation Factors},
	author = {Ilas, Dan},
	number = {{ORNL}/{TM}-2013/441},
	institution = {Oak Ridge National Laboratory},
	month = {10},
	year = {2013},
	address = {Oak Ridge, TN},
	doi = {doi.org/10.2172/1096323},
}

@article{davidson_heat_2017,
	title = {Heat deposition analysis for the {High} {Flux} {Isotope} {Reactor}‚Äôs {HEU} and {LEU} core models},
	author = {Davidson, Eva E. and others},
	journal = {Nuclear Engineering and Design},
	volume = {322},
	pages = {563-576},
	month = {8},
	year = {2017},
	doi = {doi.org/10.1016/j.nucengdes.2017.06.040},
}

@mastersthesis{jurbandam_calculation_2018,
	title = {{Calculation} of the {Fission} {Q}-value and {Spatial} {Energy} {Deposition} in the {SAFARI}-1 {Nuclear} {Reactor}},
	author = {Jurbandam, Linina},
	type = {{MS} {Thesis}},
	school = {University of the Witwatersrand},
	address = {Johannesburg, South Africa},
	year = {2018},
	url = {https://wiredspace.wits.ac.za/server/api/core/bitstreams/26b29006-6cae-47c3-bdf0-e53a2ac42bfb/content},
}

@techreport{mocup,
	title = {{MOCUP}: {MCNP}-{ORIGEN2} {Coupled} {Utility} {Program}},
	author = {Moore, R. and others},
	number = {INEL-95/0523},
	institution = {Lockheed Martin Idaho Technologies/Idaho National Engineering Laboratory},
	year = {1995},
	address = {Idaho Falls, ID},
	doi = {doi.org/10.2172/130667}
}

@techreport{monteburns,
	title = {Development of {Monteburns}: {A} {Code} that {Links} {MCNP} and {ORGEN2} in an {Automated} {Fashion} for {Burnup} {Calculations}},
    author = {Trellue, Holly Renee},
	number = {LA-13514-T},
    institution = {Los Alamos National Laboratory},
    address = {Los Alamos, NM},
	year = {1998},
	doi = {doi.org/10.2172/2696}
}

@techreport{mcode,
	title = {{MCODE}, {Version} 2.2: {An} {MCNP}-{ORIGEN} {DEpletion} {Program}},
	author = {Xu, Z. and Hejzlar, P.},
	number = {MIT-NFC; TR-104},
	institution = {Massachusetts Institute of Technology/Center for Advanced Nuclear Energy Systems},
    address = {Cambridge, MA},
	month = dec,
	year = {2008},
	url = {http://hdl.handle.net/1721.1/75242}
}

@misc{vesta,
	title = {Monte {Carlo} {Depletion} {Calculation} using {VESTA} 2.1},
	author = {Haeck, V.},
	type = {Technical {Presentation}},
	address = {IRSN},
	year = {2012},
	url = {https://www.oecd-nea.org/science/wpncs/amct/workingarea/meeting2012/20120917_VESTA21_nea.pdf}
}

@techreport{ICSBEP,
	title = {International {Criticality} {Safety} {Benchmark} {Evaluation} {Project}},
    author = {\relax Working Party on Nuclear Criticality Safety},
	number = {NEA--7231},
	institution = {Organisation for Economic Co-Operation and Development, Nuclear Energy Agency},
	address = {Issy-les-Moulineaux, France},
	year = {2014},
}

@inproceedings{tomberlin_advanced_2002,
	title = {Advanced {Test} {Reactor} ({ATR}) {Facility} {10CFR830} {Safety} {Basis} {Related} to {Facility} {Experiments}},
	author = {Tomberlin, Terry Alan},
	booktitle = {presented at the 12th {Annual} {Energy} {Facility} {Contractors} {Group} {Safety} {Analysis} {Workshop}},
	address = {Oak Ridge, TN},
	day = {22-27},
	month = jun,
	year = {2002},
	url = {https://inldigitallibrary.inl.gov/sites/sti/sti/3314541.pdf},
}
